@Incollection{B92,
title = {{Lambda Calculi with Types}},
author = "H. Barendregt",
booktitle = {{Handbook of Logic in Computer Science}},
editor = "S. Abramsky and D. Gabbay and T. Maibaum",
year = "1992",
publisher = "Oxford University Press",
volume = "2",
pages = "117-309"}

@article{stump17a,
author = {Aaron Stump},
title = {{The Calculus of Dependent Lambda Eliminations}},
journal = {{Journal of Functional Programming}},
volume=27,
pages={e14}}
